%% This BibTeX bibliography file was created using BibDesk.
%% http://bibdesk.sourceforge.net/


%% Created for Rodrigo Paredes at 2007-06-25 13:41:02 -0400 


%% Saved with string encoding Western (ASCII) 



@misc{DIMACS99,
	Author = {M. Goldwasser and J. Bentley and K. Clarkson and D. S. Johnson and C. C. McGeoch and R. Sedgewick},
	Date-Added = {2006-04-19 15:36:18 -0400},
	Date-Modified = {2006-04-19 16:59:15 -0400},
	Month = {January},
	Title = {The Sixth DIMACS Implementation Challenge: Near Neighbor Searches},
	Url = {http://dimacs.rutgers.edu/Challenges/Sixth/},
	Year = {1999}}

@article{prim,
	!Author = {R. C. Prim},
	Author = {R. C. Prim},
	Date-Modified = {2006-02-09 16:17:31 -0600},
	Journal = {Bell System Technical Journal},
	Pages = {1389-1401},
	Title = {Shortest connection networks and some generalizations},
	Volume = {36},
	Year = {1957}}

@book{cormen2001,
	!Author = {Thomas H. Cormen and Charles E. Leiserson and Ronald L. Rivest and Clifford Stein},
	Author = {T. H. Cormen and C. E. Leiserson and R. L. Rivest and C. Stein},
	Bibsource = {file://aa/home/aa/src/lib/texmf/bibtex/bib/C.bib},
	Date-Modified = {2006-02-08 10:52:39 -0600},
	Edition = {2nd},
	Holder = {book},
	Publisher = {The MIT Press},
	Title = {Introduction to Algorithms},
	Url = {http://mitpress.mit.edu/algorithms/},
	Year = {2001}}

@inproceedings{NPalenex03,
	!Publisher = {SIAM Press},
	Author = {{G.} Navarro and R. Paredes},
	Booktitle = {Proc. 5th Workshop on Algorithm Engineering and Experiments (ALENEX'03)},
	Pages = {69--81},
	Title = {Practical Construction of Metric $t$-Spanners},
	Year = {2003}}

@inproceedings{NPCspire02.3,
	!Publisher = {Springer},
	Author = {G. Navarro and R. Paredes and E. Ch\'avez},
	Booktitle = {Proc. 9th Intl.~Symp.~on String Processing and Information Retrieval (SPIRE'02)},
	Date-Modified = {2006-02-08 10:55:56 -0600},
	Pages = {298--309},
	Series = {LNCS 2476},
	Title = {$t$-{S}panners as a Data Structure for Metric Space Searching},
	Year = {2002}}

@mastersthesis{raparede2002,
	!Note = {Tesis para optar al T{\'\i}tulo de Ingeniero Civil en Computaci{\'o}n y Grado de Mag{\'\i}ster en Ciencias Menci{\'o}n Computaci{\'o}n},
	Author = {R. Paredes},
	Date-Modified = {2006-02-08 11:50:40 -0600},
	Note = {In Spanish. {\tt http://\-www.dcc.uchile.cl/\-\~{}raparede/\-publ/\-02tesisMagister.pdf}},
	School = {Universidad de Chile},
	Title = {Uso de $t$-spanners para b\'usqueda en espacios m\'etricos},
	Year = {2002}}

@techreport{NP03.tr,
	Author = {{G.} Navarro and R. Paredes},
	Institution = {Dept. of Computer Science, Univ. of Chile},
	Month = aug,
	Number = {TR/DCC-2003-XX},
	Title = {$t$-Spanners as Dynamic Data Structures for Metric Space Searching},
	Year = 2003}

@article{BNjda04,
	!Publisher = {Elsevier Science},
	Author = {B. Bustos and G. Navarro},
	Date-Modified = {2006-02-07 18:42:37 -0600},
	Journal = {Journal of Discrete Algorithms},
	Number = {1},
	Pages = {115--134},
	Read = {Yes},
	Title = {Probabilistic Proximity Searching Algorithms Based on Compact Partitions},
	Volume = {2},
	Year = {2004}}

@article{CNipl03,
	Author = {E. Ch{\'a}vez and G. Navarro},
	Journal = {Information Processing Letters},
	Pages = {39--46},
	Title = {Probabilistic Proximity Search: Fighting the Curse of Dimensionality in Metric Spaces},
	Volume = 85,
	Year = 2003}

@article{CNBYMacmcs01.2,
	!Author = {Edgar Ch{\'a}vez and Gonzalo Navarro and Ricardo Baeza-Yates and ! Jos{\'e} Luis Marroqu{\'\i}n},
	!Month = sep,
	Author = {E. Ch{\'a}vez and Navarro, {G.} and R. Baeza-Yates and J.L. Marroqu{\'\i}n},
	Journal = {ACM Computing Surveys},
	Number = 3,
	Pages = {273--321},
	Title = {Proximity Searching in Metric Spaces},
	Volume = 33,
	Year = 2001}

@article{BBKacmcs01,
	!Author = {Christian B{\"o}hm and Stefan Berchtold and Daniel A. Keim},
	!Doi = {http://doi.acm.org/10.1145/502807.502809},
	!Journal = {ACM Computing Surveys (CSUR)},
	!Publisher = {ACM Press},
	Author = {C. B{\"o}hm and S. Berchtold and D. A. Keim},
	Issn = {0360-0300},
	Journal = {ACM Computing Surveys},
	Number = {3},
	Pages = {322--373},
	Title = {Searching in high-dimensional spaces---{I}ndex structures for improving the performance of multimedia databases},
	Volume = {33},
	Year = {2001}}

@article{GG98,
	Author = {V. Gaede and O. G{\"u}nther},
	Journal = {ACM Computing Surveys},
	Number = 2,
	Pages = {170--231},
	Title = {Multidimensional Access Methods},
	Volume = 30,
	Year = 1998}

@article{Vidal86AESA,
	!Author = {Vidal Ruiz, E.},
	Author = {E. Vidal},
	Journal = {Pattern Recognition Letters},
	Pages = {145-157},
	Title = {An Algorithm For Finding Nearest Neighbors In (Approximately) Constant Average Time},
	Volume = {4},
	Year = {1986}}

@book{jain88algorithms,
	Author = {A.K. Jain and R.C. Dubes},
	Publisher = {Prentice-Hall, Englewood Cliffs},
	Title = {Algorithms For Clustering Data},
	Year = {1988}}

@article{SW90,
	Author = {D. Shasha and T. Wang},
	Date-Modified = {2006-02-07 18:49:26 -0600},
	Journal = {ACM Transactions on Information Systems},
	Number = 2,
	Pages = {140--158},
	Title = {New techniques for best-match retrieval},
	Volume = 8,
	Year = 1990}

@article{BK73,
	!Address = {New York, NY, USA},
	!Author = {W. A. Burkhard and R. M. Keller},
	!Publisher = {ACM Press},
	Author = {W. Burkhard and R. Keller},
	Doi = {http://doi.acm.org/10.1145/362003.362025},
	Issn = {0001-0782},
	Journal = {Communications of the ACM},
	Number = 4,
	Pages = {230--236},
	Title = {Some approaches to best-match file searching},
	Volume = 16,
	Year = 1973}

@inproceedings{BYCMW94,
	!Author = {Ricardo A. Baeza-Yates and Walter Cunto and ! Udi Manber and Sun Wu},
	!Publisher = {Springer-Verlag},
	Author = {R. Baeza-Yates and W. Cunto and U. Manber and S. Wu},
	Booktitle = {Proc. 5th Combinatorial Pattern Matching (CPM'94)},
	Number = {807},
	Pages = {198--212},
	Series = {LNCS},
	Title = {Proximity matching using fixed-queries trees},
	Year = 1994}

@incollection{BY97,
	!Chapter = {1.2},
	!Edition = {Second},
	!Month = {10~} # jan,
	!Note = {This is a full INBOOK entry},
	!Type = {Section},
	Address = {New York},
	Author = {R. Baeza-Yates},
	Booktitle = {Encyclopedia of Computer Science and Technology},
	Date-Modified = {2006-02-08 13:08:30 -0600},
	Editor = {A. Kent and J. Williams},
	Pages = {331--359},
	Publisher = {Marcel Dekker},
	Title = {Searching: An algorithmic tour},
	Volume = 37,
	Year = {1997}}

@inproceedings{CMNcbmi99,
	Author = {E. Ch{\'a}vez and J. Marroqu{\'{\i}}n and Navarro, {G.}},
	Booktitle = {European Workshop on Content-Based Multimedia Indexing (CBMI'99)},
	Pages = {57--64},
	Title = {Overcoming the Curse of Dimensionality},
	Year = 1999}

@article{CMNfqa,
	!Address = {Hingham, MA, USA},
	!Publisher = {Kluwer Academic Publishers},
	Author = {E. Ch{\'a}vez and J. Marroqu{\'{\i}}n and Navarro, {G.}},
	Doi = {http://dx.doi.org/10.1023/A:1011343115154},
	Issn = {1380-7501},
	Journal = {Multimedia Tools and Applications},
	Number = {2},
	Pages = {113--135},
	Title = {Fixed Queries Array: A Fast and Economical Data Structure for Proximity Searching},
	Volume = {14},
	Year = {2001}}

@inproceedings{Chiueh94,
	!Author = {Tzi-cker Chiueh},
	!Crossref = {DBLP:conf/vldb/94},
	Author = {T. Chiueh},
	Bibsource = {DBLP, http://dblp.uni-trier.de},
	Booktitle = {Proc. 20th Conf. on Very Large Databases (VLDB'94)},
	Date-Modified = {2007-06-25 13:41:02 -0400},
	Ee = {db/conf/vldb/vldb94-582.html},
	Pages = {582--593},
	Title = {Content-Based Image Indexing},
	Year = {1994}}

@inproceedings{Yia93,
	Author = {P. Yianilos},
	Booktitle = {Proc. 4th ACM-SIAM Symp. on Discrete Algorithms (SODA'93)},
	Pages = {311--321},
	Publisher = {SIAM Press},
	Title = {Data structures and algorithms for nearest neighbor search in general metric spaces},
	Year = 1993}

@inproceedings{BO97,
	!Author = {Tolga Bozkaya and Meral Ozsoyoglu},
	!Publisher = {Sigmod Record 26(2)},
	Author = {T. Bozkaya and M. Ozsoyoglu},
	Booktitle = {ACM SIGMOD Intl. Conf. on Management of Data},
	Date-Modified = {2007-06-25 13:39:57 -0400},
	Pages = {357--368},
	Title = {Distance-based indexing for high-dimensional metric spaces},
	Url = {citeseer.nj.nec.com/bozkaya97distancebased.html},
	Year = {1997}}

@techreport{Yia98,
	Address = {Princeton, NJ},
	Author = {P. Yianilos},
	Institution = {NEC Research Institute},
	Month = {July},
	Title = {Excluded Middle Vantage Point Forests for Nearest Neighbor Search},
	Year = 1998}

@techreport{Yia99,
	Author = {P. Yianilos},
	Booktitle = {6th DIMACS Implementation Challenge: Near Neighbor Searches Workshop, ALENEX'99},
	Date-Modified = {2006-05-04 18:31:52 -0400},
	Institution = {NEC Research Institute},
	Note = {In \emph{6th DIMACS Implementation Challenge: Near Neighbor Searches Workshop, ALENEX'99}},
	Text = {Yianilos, P. N. Excluded middle vantage point forests for nearest neighbor search. Tech. rep., NEC Research Institute, 1999. Presented at the Sixth DIMACS Implementation Challenge: Near Neighbor Searches workshop, January 15, 1999.},
	Title = {Excluded middle vantage point forests for nearest neighbor search},
	Url = {citeseer.ist.psu.edu/article/yianilos99excluded.html},
	Year = {1998}}

@article{mico94new,
	Author = {L. Mic\'o and J. Oncina and E. Vidal},
	Date-Modified = {2006-02-08 21:39:19 -0600},
	Journal = {Pattern Recognition Letters},
	Pages = {9--17},
	Text = {L. Mic'o, J. Oncina, and E. Vidal. A new version of the nearest-neighbor approximating and eliminating search (AESA) with linear preprocessing-time and memory requirements. Pattern Recognition Letters, 15:9--17, 1994.},
	Title = {A new version of the nearest-neighbor approximating and eliminating search ({AESA}) with linear preprocessing-time and memory requirements},
	Volume = 15,
	Year = {1994}}

@article{kalantari83data,
	Author = {I. Kalantari and G. McDonald},
	Journal = {IEEE Transactions on Software Engineering},
	Number = 5,
	Text = {Kalantari, I. and McDonald, G. 1983. A data structure and an algorithm for the nearest point problem. IEEE Transactions on Software Engineering 9, 5.},
	Title = {A data structure and an algorithm for the nearest point problem},
	Volume = 9,
	Year = {1983}}

@article{Uhl91,
	!Author = {Jeffrey K. Uhlmann},
	!Publisher = {Elsevier Science},
	Author = {J. Uhlmann},
	Date-Modified = {2006-02-07 13:25:40 -0600},
	Journal = {Information Processing Letters},
	Number = {4},
	Pages = {175--179},
	Title = {Satisfying general proximity/similarity queries with metric trees},
	Volume = 40,
	Year = 1991}

@inproceedings{Bri95,
	Author = {S. Brin},
	Booktitle = {Proc. 21st Conference Very Large Databases (VLDB'95)},
	Pages = {574--584},
	Publisher = {Morgan Kaufmann},
	Title = {Near neighbor search in large metric spaces},
	Year = 1995}

@article{dehne87voronoi,
	Author = {F. Dehne and {H.} Noltemeier},
	Date-Modified = {2006-02-07 12:44:24 -0600},
	Journal = {Information Systems},
	Number = {2},
	Pages = {171--175},
	Text = {F. Dehne and H. Nolteimer. Voronoi trees and clustering problems. Information Systems, 12(2):171--175, 1987.},
	Title = {Voronoi trees and clustering problems},
	Volume = {12},
	Year = {1987}}

@inproceedings{ciaccia97tree,
	Author = {P. Ciaccia and M. Patella and P. Zezula},
	Booktitle = {Proc. 23rd Conference on Very Large Databases (VLDB'97)},
	Pages = {426--435},
	Text = {P. Ciaccia, M. Patella, and P. Zezula. M-tree: an ecient access method for similarity search in metric spaces. In Proc. of the 23rd Conference on Very Large Databases (VLDB'97), pages 426-435, 1997.},
	Title = {M-tree: an efficient access method for similarity search in metric spaces},
	Year = {1997}}

@inproceedings{CNspire00.2,
	Author = {E. Ch{\'a}vez and {G.} Navarro},
	Booktitle = {Proc. of the 7th International Symposium on String Processing and Information Retrieval (SPIRE'2000)},
	Pages = {75--86},
	Publisher = {IEEE CS Press},
	Title = {An Effective Clustering Algorithm to Index High Dimensional Metric Spaces},
	Year = {2000}}

@article{NavVLDB02,
	Author = {{G.} Navarro},
	Journal = {The Very Large Databases Journal (VLDBJ)},
	Number = 1,
	Pages = {28--46},
	Title = {Searching in metric spaces by spatial approximation},
	Volume = 11,
	Year = {2002}}

@inproceedings{Har95,
	Author = {D. Harman},
	Booktitle = {Proc. Third Text REtrieval Conference (TREC-3)},
	Note = {NIST Special Publication 500-207},
	Pages = {1--19},
	Title = {Overview of the {T}hird {T}ext {RE}trieval {C}onference},
	Year = 1995}

@article{peleg89graph,
	Author = {D. Peleg and A. Schaffer},
	Journal = {Journal of Graph Theory},
	Number = 1,
	Pages = {99--116},
	Title = {Graph spanners},
	Volume = 13,
	Year = 1989}

@article{KP94,
	!Month = sep,
	Author = {G. Kortsarz and D. Peleg},
	Journal = {Journal of Algorithms},
	Number = 2,
	Pages = {222--236},
	Title = {Generating sparse 2-spanners},
	Volume = 17,
	Year = 1994}

@inproceedings{Epp99,
	!Editor = {J.-R. Sack and J. Urrutia},
	Author = {D. Eppstein},
	Booktitle = {Handbook of Computational Geometry},
	Pages = {425--461},
	Publisher = {Elsevier},
	Title = {Spanning trees and spanners},
	Year = 1999}

@article{PU89,
	Author = {D. Peleg and J. Ullman},
	Journal = {{SIAM} Journal on Computing},
	Pages = {740--747},
	Title = {An optimal synchronizer for the hypercube},
	Volume = 18,
	Year = 1989}

@article{cohen98fast,
	!Booktitle = {SIAM Journal on Computing},
	Author = {E. Cohen},
	Journal = {SIAM Journal on Computing},
	Pages = {210--236},
	Text = {E. Cohen. Fast algorithms for constructing t-spanners and paths with stretch t. SIAM Journal on Computing, 28:210-236, 1998.},
	Title = {Fast algorithms for constructing $t$-spanners and paths with stretch $t$},
	Volume = {28},
	Year = {1998}}

@inproceedings{ADDJ90,
	Author = {I. Alth{\"o}fer and G. Das and D. Dobkin and D. Joseph},
	Booktitle = {Proc. 2nd Scandinavian Workshop on Algorithm Theory (SWAT'90)},
	Pages = {26--37},
	Series = {LNCS 447},
	Title = {Generating sparse spanners for weighted graphs},
	Year = 1990}

@article{ADDJS93,
	Author = {I. Alth{\"o}fer and G. Das and D. Dobkin and D. Joseph and J. Soares},
	Journal = {Discrete Computational Geometry},
	Pages = {81--100},
	Title = {On sparse spanners of weighted graphs},
	Volume = 9,
	Year = 1993}

@inproceedings{Kei88,
	Author = {J. M. Keil},
	Booktitle = {Proc. 1st Scandinavian Workshop in Algorithm Theory (SWAT'88)},
	Date-Modified = {2006-02-07 18:47:21 -0600},
	Pages = {208--213},
	Series = {LNCS 318},
	Title = {Approximating the complete {E}uclidean graph},
	Year = 1988}

@inproceedings{gln2000,
	!Author = {Joachim Gudmundsson and Christos Levcopoulos and ! Giri Narasimhan},
	!Volume = {1851 of Lecture Notes Comput. Sci., Berlin},
	Author = {J. Gudmundsson and C. Levcopoulos and Narasimhan, {G.}},
	Booktitle = {Proc. 7th Scandinavian Workshop in Algorithm Theory (SWAT'00)},
	Pages = {314--327},
	Series = {LNCS 1851},
	Text = {Joachim Gudmundsson, Christos Levcopoulos, and Giri Narasimhan, Improved greedy algorithms for constructing sparse geometric spanners, Proc. 7th Scand. Workshop Algorithm Theory, volume 1851 of Lecture Notes Comput. Sci., Berlin, pages 314 - 327, 2000. Springer-Verlag.},
	Title = {Improved greedy algorithms for constructing sparse geometric spanners},
	Year = {2000}}

@article{gln2002,
	!Address = {Philadelphia, PA, USA},
	!Author = {Joachim Gudmundsson and Christos Levcopoulos and Giri Narasimhan},
	!Publisher = {Society for Industrial and Applied Mathematics},
	Author = {J. Gudmundsson and C. Levcopoulos and G.{} Narasimhan},
	Doi = {http://dx.doi.org/10.1137/S0097539700382947},
	Issn = {0097-5397},
	Journal = {SIAM Journal of Computing},
	Number = {5},
	Pages = {1479--1500},
	Title = {Fast Greedy Algorithms for Constructing Sparse Geometric Spanners},
	Volume = {31},
	Year = {2002}}

@inproceedings{RS91,
	Author = {J. Ruppert and R. Seidel},
	Booktitle = {3rd Canadian Conf. on Computational Geometry},
	Pages = {207--210},
	Title = {Approximating the $d$-dimensional complete {E}uclidean graph},
	Year = 1991}

@inproceedings{Bar98,
	Author = {Y. Bartal},
	Booktitle = {Proc. 30th Symp. on the Theory of Computing (STOC'98)},
	Pages = {161--168},
	Title = {On approximating arbitrary metrics by tree metrics},
	Year = 1998}

@inproceedings{CCGGP98,
	Author = {M. Charikar and C. Chekuri and A. Goel and S. Guha and S. Plotkin},
	Booktitle = {Proc. 39th Symp. on Foundations of Computer Science (FOCS'98)},
	Pages = {379--388},
	Title = {Approximating a finite metric by a small number of tree metrics},
	Year = 1998}

@inproceedings{380798,
	!Author = {Mikkel Thorup and Uri Zwick},
	!Booktitle = {Proc. 33rd Annual ACM Symposium on Theory of Computing},
	!Publisher = {ACM Press},
	Author = {M. Thorup and U. Zwick},
	Booktitle = {Proc. 33rd Symp. on Theory of Computing (STOC'01)},
	Doi = {http://doi.acm.org/10.1145/380752.380798},
	Isbn = {1-58113-349-9},
	Location = {Hersonissos, Greece},
	Pages = {183--192},
	Title = {Approximate distance oracles},
	Year = {2001}}

@techreport{LB96,
	Author = {W. Liang and R. Brent},
	Institution = {Dept. of CS and CS Lab, The Australian National University},
	Month = jan,
	Number = {TR-CS-96-01},
	Title = {Constructing the spanners of graphs in parallel},
	Year = 1996}

@article{FloydASP,
	!Address = {New York, NY, USA},
	!Author = {Robert W. Floyd},
	!Publisher = {ACM Press},
	Author = {R. W. Floyd},
	Date-Modified = {2006-02-07 12:49:45 -0600},
	Doi = {http://doi.acm.org/10.1145/367766.368168},
	Issn = {0001-0782},
	Journal = {Communications of the ACM},
	Number = {6},
	Pages = {345},
	Title = {Algorithm 97: Shortest path},
	Volume = {5},
	Year = {1962}}

@incollection{DijkstraSP,
	!Author = {Edsger. W. Dijkstra},
	Author = {E. W. Dijkstra},
	Booktitle = {Numerische Mathematik},
	Date-Modified = {2006-02-08 11:05:57 -0600},
	Pages = {269--271},
	Publisher = {Mathematisch Centrum, Amsterdam, The Netherlands},
	Title = {A note on two problems in connexion with graphs},
	Url = {http://gdz-srv3.sub.uni-goettingen.de/sub/digbib/loader?ht=VIEW&did=D196313},
	Volume = {1},
	Year = {1959}}

@book{NR02,
	Author = {Navarro, {G.} and M. Raffinot},
	Publisher = {Cambridge University Press},
	Title = {Flexible Pattern Matching in Strings -- Practical on-line search algorithms for texts and biological sequences},
	Year = 2002}

@book{BYRN99,
	Author = {R. A. Baeza-Yates and B. Ribeiro-Neto},
	Date-Modified = {2006-02-08 10:52:50 -0600},
	Publisher = {Addison-Wesley},
	Title = {Modern Information Retrieval},
	Year = 1999}

@book{weiss95,
	Author = {M. A. Weiss},
	Edition = {2nd},
	Publisher = {Addison-Wesley},
	Title = {Data Structures and Algorithm Analysis},
	Year = {1995}}

@inproceedings{CFN05micai,
	Author = {E. Ch{\'a}vez and K. Figueroa and G. Navarro},
	Booktitle = {Proc. 4th Mexican Intl. Conf. on Artificial Intelligence (MICAI'05)},
	Date-Modified = {2007-06-25 13:40:33 -0400},
	Pages = {405--414},
	Series = {LNAI 3789},
	Title = {Proximity Searching in High Dimensional Spaces with a Proximity Preserving Order},
	Year = 2005}
