@article{1976,
     jstor_articletype = {research-article},
     title = {A New Applicable Proof of the Euler Circuit Theorem},
     author = {Tucker, Alan},
     journal = {The American Mathematical Monthly},
     jstor_issuetitle = {},
     volume = {83},
     number = {8},
     jstor_formatteddate = {Oct., 1976},
     pages = {pp. 638-640},
     url = {http://www.jstor.org/stable/2319893},
     ISSN = {00029890},
     abstract = {},
     language = {English},
     year = {1976},
     publisher = {Mathematical Association of America},
     copyright = {Copyright © 1976 Mathematical Association of America},
    }

@article{ 1873,
year={1873},
issn={0025-5831},
journal={Mathematische Annalen},
volume={6},
number={1},
doi={10.1007/BF01442866},
title={Ueber die Möglichkeit, einen Linienzug ohne Wiederholung und ohne Unterbrechung zu umfahren},
url={http://dx.doi.org/10.1007/BF01442866},
publisher={Springer-Verlag},
author={Hierholzer, Carl and Wiener, Chr},
pages={30-32},
language={German}
}

@book{Cormen:2001:IA:580470,
 author = {Cormen, Thomas H. and Stein, Clifford and Rivest, Ronald L. and Leiserson, Charles E.},
 title = {Introduction to Algorithms},
 year = {2001},
 isbn = {0070131511},
 edition = {2nd},
 publisher = {McGraw-Hill Higher Education},
}

@book{Sedgewick2002,
  added-at = {2011-03-31T11:48:42.000+0200},
  author = {Sedgewick, Robert},
  biburl = {http://www.bibsonomy.org/bibtex/2675fd9eafe5d64e5022b92d01bf1d7d8/rincedd},
  booktitle = {Algorithms in C++},
  edition = 3,
  groups = {public},
  interhash = {1272608fc9e1d2e17f82759f51118a77},
  intrahash = {675fd9eafe5d64e5022b92d01bf1d7d8},
  isbn = {978-0201361186},
  keywords = {graphs networks algorithm c++ programming data-structures},
  publisher = {Addison Wesley},
  timestamp = {2011-03-31T11:48:42.000+0200},
  title = {Algorithms in C++ Part 5: Graph Algorithms},
  username = {rincedd},
  volume = 5,
  year = 2002
}
